<record><leader>00000cas a22000007a 4500</leader><controlfield tag="001">18154852</controlfield><controlfield tag="008">880630d19251927ohuwr ne      0    0eng d</controlfield><datafield ind1=" " ind2=" " tag="010"><subfield code="a">sn 88077616 </subfield></datafield><datafield ind1=" " ind2=" " tag="040"><subfield code="a">ONP</subfield><subfield code="b">eng</subfield><subfield code="c">ONP</subfield><subfield code="d">OCLCQ</subfield></datafield><datafield ind1=" " ind2=" " tag="042"><subfield code="a">msc</subfield></datafield><datafield ind1="0" ind2=" " tag="130"><subfield code="a">Circleville watchman (Circleville, Ohio : 1925)</subfield></datafield><datafield ind1="1" ind2="4" tag="245"><subfield code="a">The Circleville watchman.</subfield></datafield><datafield ind1=" " ind2=" " tag="260"><subfield code="a">Circleville, Ohio :</subfield><subfield code="b">J.W. Johnson &amp; Paul A. Johnson,</subfield><subfield code="c">1925-</subfield></datafield><datafield ind1=" " ind2=" " tag="310"><subfield code="a">Weekly</subfield></datafield><datafield ind1="0" ind2=" " tag="362"><subfield code="a">Vol. 85, no. 43 (Mar. 26, 1925)-</subfield></datafield><datafield ind1="1" ind2=" " tag="362"><subfield code="a">Ceased in Nov. 1927.</subfield></datafield><datafield ind1=" " ind2=" " tag="752"><subfield code="a">United States</subfield><subfield code="b">Ohio</subfield><subfield code="c">Pickaway</subfield><subfield code="d">Circleville.</subfield></datafield><datafield ind1="0" ind2="0" tag="780"><subfield code="t">Democrat and watchman (Circleville, Ohio)</subfield><subfield code="w">(DLC)sn 85038065</subfield></datafield><datafield ind1="0" ind2="7" tag="785"><subfield code="t">Circleville union-herald (Circleville, Ohio : 1888)</subfield><subfield code="w">(DLC)sn 88077619</subfield></datafield><datafield ind1="0" ind2="7" tag="785"><subfield code="t">Circleville union-herald and watchman</subfield><subfield code="w">(DLC)sn 88077620</subfield></datafield></record>